@inproceedings{dataset,
  title={Simultaneous truth and performance level estimation (STAPLE): an algorithm for the validation of image segmentation},
  author={Warfield, S.K., Zou, K.H. and Wells, W.M.},
  booktitle={IEEE transactions on medical imaging},
  pages={903--921},
  year={2004},
  organization={IEEE}
}

@article{buda,
  title={Association of genomic subtypes of lower-grade gliomas with shape features automatically extracted by a deep learning algorithm},
  author={Buda, Mateusz and Saha, Ashirbani and Mazurowski, Maciej A},
  journal={Computers in Biology and Medicine},
  volume={109},
  year={2019},
  publisher={Elsevier},
  doi={10.1016/j.compbiomed.2019.05.002}
}